<record><leader>00000cas a2200000 a 4500</leader><controlfield tag="001">56720506</controlfield><controlfield tag="008">041013u1914uuuupr wr ne      0    0spa c</controlfield><datafield ind1=" " ind2=" " tag="010"><subfield code="a">sn2004060515</subfield></datafield><datafield ind1=" " ind2=" " tag="040"><subfield code="a">NYS</subfield><subfield code="b">eng</subfield><subfield code="c">NYS</subfield><subfield code="d">OCLCQ</subfield><subfield code="d">OCLCF</subfield><subfield code="d">OCLCO</subfield><subfield code="d">OCLCA</subfield></datafield><datafield ind1="1" ind2=" " tag="029"><subfield code="a">AU@</subfield><subfield code="b">000026308007</subfield></datafield><datafield ind1=" " ind2=" " tag="042"><subfield code="a">pcc</subfield></datafield><datafield ind1=" " ind2=" " tag="043"><subfield code="a">nwpr---</subfield></datafield><datafield ind1="0" ind2=" " tag="130"><subfield code="a">Justicia (San Juan, P.R.)</subfield></datafield><datafield ind1="1" ind2="0" tag="245"><subfield code="a">Justicia :</subfield><subfield code="b">o&#769;rgano del la Federacio&#769;n Libre.</subfield></datafield><datafield ind1=" " ind2=" " tag="260"><subfield code="a">San Juan, P.R. :</subfield><subfield code="b">Federacio&#769;n Libre de los Trabajadores de Puerto Rico,</subfield><subfield code="c">1914-</subfield></datafield><datafield ind1=" " ind2=" " tag="300"><subfield code="a">v.</subfield></datafield><datafield ind1=" " ind2=" " tag="310"><subfield code="a">Weekly</subfield></datafield><datafield ind1="1" ind2=" " tag="362"><subfield code="a">Began in 1914?</subfield></datafield><datafield ind1=" " ind2=" " tag="588"><subfield code="a">Description based on: An&#769;o 1, no. 5 (Oct. 25, 1914).</subfield></datafield><datafield ind1=" " ind2=" " tag="588"><subfield code="a">Latest issue consulted: An&#769;o 12, no. 21 (Mar. 6, 1926).</subfield></datafield><datafield ind1="2" ind2="0" tag="610"><subfield code="a">Federacio&#769;n Libre de los Trabajadores de Puerto Rico</subfield><subfield code="v">Newspapers.</subfield></datafield><datafield ind1=" " ind2="0" tag="650"><subfield code="a">Working class</subfield><subfield code="z">Puerto Rico</subfield><subfield code="v">Newspapers.</subfield></datafield><datafield ind1=" " ind2="0" tag="650"><subfield code="a">Labor unions</subfield><subfield code="z">Puerto Rico</subfield><subfield code="v">Newspapers.</subfield></datafield><datafield ind1=" " ind2="0" tag="651"><subfield code="a">San Juan (P.R.)</subfield><subfield code="v">Newspapers.</subfield></datafield><datafield ind1=" " ind2="0" tag="651"><subfield code="a">Puerto Rico</subfield><subfield code="v">Newspapers.</subfield></datafield><datafield ind1=" " ind2="7" tag="655"><subfield code="a">Newspapers.</subfield><subfield code="2">fast</subfield><subfield code="0">(OCoLC)fst01423814</subfield></datafield><datafield ind1="2" ind2="7" tag="610"><subfield code="a">Federacio&#769;n Libre de los Trabajadores de Puerto Rico.</subfield><subfield code="2">fast</subfield><subfield code="0">(OCoLC)fst01641911</subfield></datafield><datafield ind1=" " ind2="7" tag="650"><subfield code="a">Labor unions.</subfield><subfield code="2">fast</subfield><subfield code="0">(OCoLC)fst00990260</subfield></datafield><datafield ind1=" " ind2="7" tag="650"><subfield code="a">Working class.</subfield><subfield code="2">fast</subfield><subfield code="0">(OCoLC)fst01180418</subfield></datafield><datafield ind1=" " ind2="7" tag="651"><subfield code="a">Puerto Rico.</subfield><subfield code="2">fast</subfield><subfield code="0">(OCoLC)fst01205432</subfield></datafield><datafield ind1=" " ind2="7" tag="651"><subfield code="a">Puerto Rico</subfield><subfield code="z">San Juan.</subfield><subfield code="2">fast</subfield><subfield code="0">(OCoLC)fst01214595</subfield></datafield><datafield ind1="2" ind2=" " tag="710"><subfield code="a">Federacio&#769;n Libre de los Trabajadores de Puerto Rico.</subfield></datafield><datafield ind1=" " ind2=" " tag="752"><subfield code="a">United States</subfield><subfield code="b">Puerto Rico</subfield><subfield code="d">San Juan.</subfield></datafield></record>